@unpublished{Sutton2018,
  author = {Richard S. Sutton and Andrew G. Barto},
  title = {Reinforcement Learning: An Introduction},
  year = {2018},
  edition = {2},
  month={March},
  publisher = {MIT Press},
  note={preprint available at \url{http://incompleteideas.net/book/bookdraft2018mar21.pdf}}
} 

@book{Puterman,
 author = {Puterman, Martin L.},
 title = {Markov Decision Processes: Discrete Stochastic Dynamic Programming},
 year = {1994},
 isbn = {0471619779},
 edition = {1st},
 publisher = {John Wiley \& Sons, Inc.},
 address = {New York, NY, USA},
} 